
%%%%%%%%%%%%%%%%%%%%%%%%%%%%%%%%%%%%%%%%%%%%%%%%%%%%%%%%%%%%%%%%%%%%%%%%%%%%%%%%%
% SM Higgs boson discovery
@article{Higgs-Discovery_CMS,
      author         = "Chatrchyan, Serguei and others",
      title          = "{Observation of a new boson at a mass of 125 {GeV} with the {CMS} experiment at the {LHC}}",
      collaboration  = "CMS",
      journal        = "Phys. Lett. B",
      volume         = "716",
      pages          = "30",
      doi            = "10.1016/j.physletb.2012.08.021",
      year           = "2012",
      eprint         = "1207.7235",
      archivePrefix  = "arXiv",
      primaryClass   = "hep-ex",
      reportNumber   = "CMS-HIG-12-028, CERN-PH-EP-2012-220",
      SLACcitation   = "%%CITATION = ARXIV:1207.7235;%%",
}

@article{Higgs-Discovery_CMS_long,
      author         = "Chatrchyan, Serguei and others",
      title          = "{Observation of a new boson with mass near 125 {GeV} in pp
                        collisions at $\sqrt{s}$ = 7 and 8 {TeV}}",
      collaboration  = "CMS",
      journal        = "JHEP",
      volume         = "06",
      year           = "2013",
      pages          = "081",
      doi            = "10.1007/JHEP06(2013)081",
      eprint         = "1303.4571",
      archivePrefix  = "arXiv",
      primaryClass   = "hep-ex",
      reportNumber   = "CMS-HIG-12-036, CERN-PH-EP-2013-035",
      SLACcitation   = "%%CITATION = ARXIV:1303.4571;%%"
}

@unpublished{deFlorian:2016spz,
      author         = "de Florian, D. and others",
      title          = "{Handbook of {LHC} {Higgs} Cross Sections: 4. Deciphering the
                        Nature of the {Higgs} Sector}",
      collaboration  = "LHC Higgs Cross Section Working Group",
      year           = "2016",
      eprint         = "1610.07922",
      archivePrefix  = "arXiv",
      primaryClass   = "hep-ph",
      reportNumber   = "FERMILAB-FN-1025-T",
      SLACcitation   = "%%CITATION = ARXIV:1610.07922;%%"
}

@article{Higgs-Discovery_ATLAS,
      author         = "Aad, Georges and others",
      title          = "{Observation of a new particle in the search for the standard model {Higgs} boson with the {ATLAS} detector at the {LHC}}",
      collaboration  = "ATLAS",
      journal        = "Phys. Lett. B",
      volume         = "716",
      pages          = "1",
      doi            = "10.1016/j.physletb.2012.08.020",
      year           = "2012",
      eprint         = "1207.7214",
      archivePrefix  = "arXiv",
      primaryClass   = "hep-ex",
      reportNumber   = "CERN-PH-EP-2012-218",
      SLACcitation   = "%%CITATION = ARXIV:1207.7214;%%",
}
%%%%%%%%%%%%%%%%%%%%%%%%%%%%%%%%%%%%%%%%%%%%%%%%%%%%%%%%%%%%%%%%%%%%%%%%%%%%%%%%%

%%%%%%%%%%%%%%%%%%%%%%%%%%%%%%%%%%%%%%%%%%%%%%%%%%%%%%%%%%%%%%%%%%%%%%%%%%%%%%%%%
% SM Higgs boson properties
@article{HIG-14-042,
      author         = "{ATLAS and CMS Collaborations}",
      title          = "{Combined measurement of the {Higgs} boson mass in $\Pp\Pp$
                        collisions at $\sqrt{s}=7$ and $8$~\TeV with the {ATLAS} and
                        {CMS} experiments}",
      booktitle      = "{Proceedings, Meeting of the APS Division of Particles
                        and Fields (DPF 2015): Ann Arbor, Michigan, USA, 4-8 Aug
                        2015}",
      journal        = "Phys. Rev. Lett.",
      volume         = "114",
      year           = "2015",
      pages          = "191803",
      doi            = "10.1103/PhysRevLett.114.191803",
      eprint         = "1503.07589",
      archivePrefix  = "arXiv",
      primaryClass   = "hep-ex",
      reportNumber   = "ATLAS-HIGG-2014-14, CMS-HIG-14-042, CERN-PH-EP-2015-075",
      SLACcitation   = "%%CITATION = ARXIV:1503.07589;%%"
}

@TECHREPORT{HIG-15-002,
      AUTHOR      = "{CMS Collaboration}",
      COLLABORATION = "CMS",
      TITLE       = "{Measurements of the {Higgs} boson production and decay rates and constraints on its couplings from a combined
                      {ATLAS} and {CMS} analysis of the {LHC} $\Pp\Pp$ collision data at $\sqrt{s} = 7$ and $8$~\TeV}",
      URL         = "https://cds.cern.ch/record/2053103",
      TYPE        = "{CMS} Physics Analysis Summary",
      YEAR        = "2015"
}

@article{ATLAS_SpinCP,
      author         = "Aad, Georges and others",
      title          = "{Evidence for the spin-$0$ nature of the {Higgs} boson using
                        {ATLAS} data}",
      collaboration  = "ATLAS",
      journal        = "Phys. Lett. B",
      volume         = "726",
      year           = "2013",
      pages          = "120",
      doi            = "10.1016/j.physletb.2013.08.026",
      eprint         = "1307.1432",
      archivePrefix  = "arXiv",
      primaryClass   = "hep-ex",
      reportNumber   = "CERN-PH-EP-2013-102",
      SLACcitation   = "%%CITATION = ARXIV:1307.1432;%%"
}

@article{HIG-14-018,
      author         = "Khachatryan, Vardan and others",
      title          = "{Constraints on the spin-parity and anomalous {HVV} couplings of the {Higgs} boson in proton collisions at $7$ and
                        $8$~\TeV}",
      collaboration  = "CMS",
      journal        = "Phys. Rev. D",
      volume         = "92",
      year           = "2015",
      pages          = "012004",
      doi            = "10.1103/PhysRevD.92.012004",
      eprint         = "1411.3441",
      archivePrefix  = "arXiv",
      primaryClass   = "hep-ex",
      reportNumber   = "CMS-HIG-14-018, CERN-PH-EP-2014-265",
      SLACcitation   = "%%CITATION = ARXIV:1411.3441;%%"
}

@article{HIG-16-041,
      author         = "Sirunyan, Albert M and others",
      title          = "{Measurements of properties of the {Higgs} boson decaying
                        into the four-lepton final state in pp collisions at $
                        \sqrt{s}=13 $ {TeV}}",
      collaboration  = "CMS",
      journal        = "JHEP",
      volume         = "11",
      year           = "2017",
      pages          = "047",
      doi            = "10.1007/JHEP11(2017)047",
      eprint         = "1706.09936",
      archivePrefix  = "arXiv",
      primaryClass   = "hep-ex",
      reportNumber   = "CMS-HIG-16-041, CERN-EP-2017-123",
      SLACcitation   = "%%CITATION = ARXIV:1706.09936;%%"
}
%%%%%%%%%%%%%%%%%%%%%%%%%%%%%%%%%%%%%%%%%%%%%%%%%%%%%%%%%%%%%%%%%%%%%%%%%%%%%%%%%

%%%%%%%%%%%%%%%%%%%%%%%%%%%%%%%%%%%%%%%%%%%%%%%%%%%%%%%%%%%%%%%%%%%%%%%%%%%%%%%%%
%
% Papers on machine learning and multivariate analysis methods
%
@article{TMVA,
      author         = "Hoecker, Andreas and others",
      title          = "{TMVA --- toolkit for multivariate data analysis}",
      booktitle      = "{Proceedings, 11th international workshop on advanced
                        computing and analysis techniques in physics research
                        (ACAT 2007)}",
      journal        = "PoS",
      volume         = "ACAT",
      year           = "2007",
      pages          = "040",
      doi            = "10.1063/1.4771869",
      eprint         = "physics/0703039",
      archivePrefix  = "arXiv",
      primaryClass   = "PHYSICS",
      reportNumber   = "CERN-OPEN-2007-007",
      SLACcitation   = "%%CITATION = PHYSICS/0703039;%%"
}

@article{scikit-learn,
 title={Scikit-learn: Machine Learning in {Python}},
 author={Pedregosa, F. and others},
 journal={JMLR},
 volume={12},
 pages={2825},
 year={2011},
 archivePrefix = "arXiv",
 eprint = {1201.0490},
 primaryClass = "cs.LG"
}
%%%%%%%%%%%%%%%%%%%%%%%%%%%%%%%%%%%%%%%%%%%%%%%%%%%%%%%%%%%%%%%%%%%%%%%%%%%%%%%%%

%%%%%%%%%%%%%%%%%%%%%%%%%%%%%%%%%%%%%%%%%%%%%%%%%%%%%%%%%%%%%%%%%%%%%%%%%%%%%%%%%
% Monte Carlo generators
@article{Alwall:2014hca,
      author         = "Alwall, J. and Frederix, R. and Frixione, S. and Hirschi,
                        V. and Maltoni, F. and Mattelaer, O. and Shao, H. S. and
                        Stelzer, T. and Torrielli, P. and Zaro, M.",
      title          = "The automated computation of tree-level and
                        next-to-leading order differential cross sections, and
                        their matching to parton shower simulations",
      journal        = "JHEP",
      volume         = "07",
      year           = "2014",
      pages          = "079",
      doi            = "10.1007/JHEP07(2014)079",
      eprint         = "1405.0301",
      archivePrefix  = "arXiv",
      primaryClass   = "hep-ph",
      reportNumber   = "CERN-PH-TH-2014-064, CP3-14-18, LPN14-066, MCNET-14-09,
                        ZU-TH-14-14",
      SLACcitation   = "%%CITATION = ARXIV:1405.0301;%%"
}

@article{Artoisenet:2012st,
      author         = "Artoisenet, Pierre and Frederix, Rikkert and Mattelaer,
                        Olivier and Rietkerk, Robbert",
      title          = "Automatic spin-entangled decays of heavy resonances in
                        {Monte} {Carlo} simulations",
      journal        = "JHEP",
      volume         = "03",
      year           = "2013",
      pages          = "015",
      doi            = "10.1007/JHEP03(2013)015",
      eprint         = "1212.3460",
      archivePrefix  = "arXiv",
      primaryClass   = "hep-ph",
      reportNumber   = "NIKHEF-2012-021, CERN-PH-TH-2012-329",
      SLACcitation   = "%%CITATION = ARXIV:1212.3460;%%"
}

@article{Nason:2004rx,
      author         = "Nason, Paolo",
      title          = "A new method for combining {NLO} {QCD} with shower {Monte}
                        {Carlo} algorithms",
      journal        = "JHEP",
      volume         = "11",
      year           = "2004",
      pages          = "040",
      doi            = "10.1088/1126-6708/2004/11/040",
      eprint         = "hep-ph/0409146",
      archivePrefix  = "arXiv",
      primaryClass   = "hep-ph",
      reportNumber   = "BICOCCA-FT-04-11",
      SLACcitation   = "%%CITATION = HEP-PH/0409146;%%"
}

@article{Frixione:2007vw,
      author         = "Frixione, Stefano and Nason, Paolo and Oleari, Carlo",
      title          = "Matching {NLO} {QCD} computations with parton shower
                        simulations: the {\POWHEG} method",
      journal        = "JHEP",
      volume         = "11",
      year           = "2007",
      pages          = "070",
      doi            = "10.1088/1126-6708/2007/11/070",
      eprint         = "0709.2092",
      archivePrefix  = "arXiv",
      primaryClass   = "hep-ph",
      reportNumber   = "BICOCCA-FT-07-9, GEF-TH-21-2007",
      SLACcitation   = "%%CITATION = ARXIV:0709.2092;%%"
}

@article{Alioli:2010xd,
      author         = "Alioli, Simone and Nason, Paolo and Oleari, Carlo and Re,
                        Emanuele",
      title          = "A general framework for implementing {NLO} calculations in
                        shower {Monte} {Carlo} programs: the {\POWHEG \textsc{BOX}}",
      journal        = "JHEP",
      volume         = "06",
      year           = "2010",
      pages          = "043",
      doi            = "10.1007/JHEP06(2010)043",
      eprint         = "1002.2581",
      archivePrefix  = "arXiv",
      primaryClass   = "hep-ph",
      reportNumber   = "DESY-10-018, SFB-CPP-10-22, IPPP-10-11, DCPT-10-22",
      SLACcitation   = "%%CITATION = ARXIV:1002.2581;%%"
}

@article{Sjostrand:2014zea,
      author         = "Sj{\"o}strand, T. and Ask, S. and Christiansen,
                        J. R. and Corke, R. and Desai, N. and Ilten,
                        P. and Mrenna, S. and Prestel, S. and
                        Rasmussen, C. O. and Skands, P. Z.",
      title          = "An introduction to {\PYTHIA} $8.2$",
      journal        = "Comput. Phys. Commun.",
      volume         = "191",
      year           = "2015",
      pages          = "159",
      doi            = "10.1016/j.cpc.2015.01.024",
      eprint         = "1410.3012",
      archivePrefix  = "arXiv",
      primaryClass   = "hep-ph",
      reportNumber   = "LU-TP-14-36, MCNET-14-22, CERN-PH-TH-2014-190,
                        FERMILAB-PUB-14-316-CD, DESY-14-178, SLAC-PUB-16122",
      SLACcitation   = "%%CITATION = ARXIV:1410.3012;%%"
}


@article{Sirunyan:2019dfx,
    author = "Sirunyan, A. M. and others",
    title = "Extraction and validation of a new set of {CMS} {\PYTHIA} $8$ tunes from underlying-event measurements",
    collaboration = "CMS",
    journal = "Eur. Phys. J. C",
    volume = "80",
    year = "2020",
    pages = "4",
    doi = "10.1140/epjc/s10052-019-7499-4",
    eprint = "1903.12179",
    archivePrefix = "arXiv",
    primaryClass = "hep-ex",
    reportNumber = "CMS-GEN-17-001, CERN-EP-2019-007",
}

@article{Ball:2011uy,
      author         = "Ball, R. D. and Bertone, V. and Cerutti,
                        F. and Del Debbio, L. and Forte, S. and
                        Guffanti, A. and Latorre, J. I. and Rojo, J. and
                        Ubiali, M.",
      title          = "Unbiased global determination of parton distributions
                        and their uncertainties at {NNLO} and at {LO}",
      collaboration  = "NNPDF",
      journal        = "Nucl. Phys. B",
      volume         = "855",
      year           = "2012",
      pages          = "153",
      doi            = "10.1016/j.nuclphysb.2011.09.024",
      eprint         = "1107.2652",
      archivePrefix  = "arXiv",
      primaryClass   = "hep-ph",
      reportNumber   = "EDINBURGH-2011-14, IFUM-979-FT, FR-PHENO-2011-010,
                        RWTH-TTK-11-24",
      SLACcitation   = "%%CITATION = ARXIV:1107.2652;%%"
}

@article{Ball:2013hta,
      author         = "Ball, R. D. and Bertone, V. and Carrazza,
                        S. and Del Debbio, L. and Forte, S. and
                        Guffanti, A. and Hartland, N. P. and Rojo, J.",
      title          = "Parton distributions with {QED} corrections",
      collaboration  = "NNPDF",
      journal        = "Nucl. Phys. B",
      volume         = "877",
      year           = "2013",
      pages          = "290",
      doi            = "10.1016/j.nuclphysb.2013.10.010",
      eprint         = "1308.0598",
      archivePrefix  = "arXiv",
      primaryClass   = "hep-ph",
      reportNumber   = "EDINBURGH-2013-20, IFUM-1014-FT, FR-PHENO-2013-008,
                        CERN-PH-TH-2013-075",
      SLACcitation   = "%%CITATION = ARXIV:1308.0598;%%"
}

@article{Ball:2014uwa,
      author         = "Ball, R. D. and others",
      title          = "Parton distributions for the {LHC} {Run} $2$",
      collaboration  = "NNPDF",
      journal        = "JHEP",
      volume         = "04",
      year           = "2015",
      pages          = "040",
      doi            = "10.1007/JHEP04(2015)040",
      eprint         = "1410.8849",
      archivePrefix  = "arXiv",
      primaryClass   = "hep-ph",
      reportNumber   = "EDINBURGH-2014-15, IFUM-1034-FT, CERN-PH-TH-2013-253,
                        OUTP-14-11P, CAVENDISH-HEP-14-11",
      SLACcitation   = "%%CITATION = ARXIV:1410.8849;%%"
}

@article{Alwall:2007fs,
      author         = "Alwall, Johan and others",
      title          = "Comparative study of various algorithms for the merging
                        of parton showers and matrix elements in hadronic
                        collisions",
      journal        = "Eur. Phys. J. C",
      volume         = "53",
      year           = "2008",
      pages          = "473",
      doi            = "10.1140/epjc/s10052-007-0490-5",
      eprint         = "0706.2569",
      archivePrefix  = "arXiv",
      primaryClass   = "hep-ph",
      reportNumber   = "SLAC-PUB-12604, CERN-PH-TH-2007-066, LU-TP-07-13,
                        KA-TP-06-2007, DCPT-07-62, IPPP-07-31",
      SLACcitation   = "%%CITATION = ARXIV:0706.2569;%%"
}

% FXFX matching scheme
@article{Frederix:2012ps,
      author         = "Frederix, Rikkert and Frixione, Stefano",
      title          = "Merging meets matching in {MC@NLO}",
      journal        = "JHEP",
      volume         = "12",
      year           = "2012",
      pages          = "061",
      doi            = "10.1007/JHEP12(2012)061",
      eprint         = "1209.6215",
      archivePrefix  = "arXiv",
      primaryClass   = "hep-ph",
      reportNumber   = "CERN-PH-TH-2012-247, ZU-TH-21-12",
      SLACcitation   = "%%CITATION = ARXIV:1209.6215;%%"
}

@article{Li:2012wna,
      author         = "Li, Ye and Petriello, Frank",
      title          = "Combining {QCD} and electroweak corrections to dilepton
                        production in {\textsc{FEWZ}}",
      journal        = "Phys. Rev. D",
      volume         = "86",
      year           = "2012",
      pages          = "094034",
      doi            = "10.1103/PhysRevD.86.094034",
      eprint         = "1208.5967",
      archivePrefix  = "arXiv",
      primaryClass   = "hep-ph",
      reportNumber   = "ANL-HEP-PR-12-68",
      SLACcitation   = "%%CITATION = ARXIV:1208.5967;%%"
}

@article{Campbell:2011bn,
      author         = "Campbell, J. M. and Ellis, R. K. and Williams,
                        C.",
      title          = "Vector boson pair production at the {LHC}",
      journal        = "JHEP",
      volume         = "07",
      year           = "2011",
      pages          = "018",
      doi            = "10.1007/JHEP07(2011)018",
      eprint         = "1105.0020",
      archivePrefix  = "arXiv",
      primaryClass   = "hep-ph",
      reportNumber   = "FERMILAB-PUB-11-182-T",
      SLACcitation   = "%%CITATION = ARXIV:1105.0020;%%"
}

@article{Czakon:2011xx,
      author         = "Czakon, Michal and Mitov, Alexander",
      title          = "{\textsc{Top++}}: a program for the calculation of the top-pair
                        cross section at hadron colliders",
      journal        = "Comput. Phys. Commun.",
      volume         = "185",
      year           = "2014",
      pages          = "2930",
      doi            = "10.1016/j.cpc.2014.06.021",
      eprint         = "1112.5675",
      archivePrefix  = "arXiv",
      primaryClass   = "hep-ph",
      reportNumber   = "CERN-PH-TH-2011-303, TTK-11-58",
      SLACcitation   = "%%CITATION = ARXIV:1112.5675;%%"
}

@article{Gavin:2010az,
    author = "Gavin, Ryan and Li, Ye and Petriello, Frank and Quackenbush, Seth",
    title = "{\textsc{FEWZ}} 2.0: a code for hadronic {\PZ} production at next-to-next-to-leading order",
    eprint = "1011.3540",
    archivePrefix = "arXiv",
    primaryClass = "hep-ph",
    reportNumber = "ANL-HEP-PR-10-60",
    doi = "10.1016/j.cpc.2011.06.008",
    journal = "Comput. Phys. Commun.",
    volume = "182",
    pages = "2388",
    year = "2011"
}

@article{Czakon:2017wor,
    author = "Czakon, Michal and Heymes, David and Mitov, Alexander and Pagani, Davide and Tsinikos, Ioannis and Zaro, Marco",
    title = "Top-pair production at the {LHC} through {NNLO} {QCD} and {NLO} {EW}",
    eprint = "1705.04105",
    archivePrefix = "arXiv",
    primaryClass = "hep-ph",
    reportNumber = "CAVENDISH-HEP-17-07, CP3-17-12, TUM-HEP-1084-17, TTK-17-15",
    doi = "10.1007/JHEP10(2017)186",
    journal = "JHEP",
    volume = "10",
    pages = "186",
    year = "2017"
}

@article{Agostinelli:2002hh,
      author         = "Agostinelli, S. and others",
      title          = "{\GEANTfour}: a simulation toolkit",
      collaboration  = "GEANT4",
      journal        = "Nucl. Instrum. Meth. A",
      volume         = "506",
      year           = "2003",
      pages          = "250",
      doi            = "10.1016/S0168-9002(03)01368-8",
      reportNumber   = "SLAC-PUB-9350, FERMILAB-PUB-03-339",
      SLACcitation   = "%%CITATION = NUIMA,A506,250;%%"
}
%%%%%%%%%%%%%%%%%%%%%%%%%%%%%%%%%%%%%%%%%%%%%%%%%%%%%%%%%%%%%%%%%%%%%%%%%%%%%%%%%

%%%%%%%%%%%%%%%%%%%%%%%%%%%%%%%%%%%%%%%%%%%%%%%%%%%%%%%%%%%%%%%%%%%%%%%%%%%%%%%%%
% CMS detector paper
@Article{Chatrchyan:2008zzk,
     author    = "Chatrchyan, S. and others",
     collaboration = "CMS",
     title     = "The {CMS} experiment at the {CERN} {LHC}",
     journal   = "JINST",
     volume    = "3",
     year      = "2008",
     pages     = "S08004",
     doi       = "10.1088/1748-0221/3/08/S08004"
}

@article{CMS_trigger,
      author         = "Khachatryan, Vardan and others",
      title              = "{The {CMS} trigger system}",
      collaboration  = "CMS",
      journal        = "JINST",
      volume         = "12",
      pages          = "P01020",
      doi            = "10.1088/1748-0221/12/01/P01020",
      year           = "2017",
      eprint         = "1609.02366",
      archivePrefix  = "arXiv",
      primaryClass   = "physics.ins-det",
      reportNumber   = "CMS-TRG-12-001, CERN-EP-2016-160",
      SLACcitation   = "%%CITATION = ARXIV:1609.02366;%%"
}


%%%%%%%%%%%%%%%%%%%%%%%%%%%%%%%%%%%%%%%%%%%%%%%%%%%%%%%%%%%%%%%%%%%%%%%%%%%%%%%%%

%%%%%%%%%%%%%%%%%%%%%%%%%%%%%%%%%%%%%%%%%%%%%%%%%%%%%%%%%%%%%%%%%%%%%%%%%%%%%%%%%
% Particle and event reconstruction 
@article{Sirunyan:2017ulk,
      author         = "Sirunyan, A. M. and others",
      title          = "Particle-flow reconstruction and global event description with the {CMS} detector",
      collaboration  = "CMS",
      journal     = "JINST",
      volume    = "12",
      year         = "2017",
      pages      = "P10003",
      doi           = "10.1088/1748-0221/12/10/P10003",
      eprint         = "1706.04965",
      archivePrefix  = "arXiv",
      primaryClass   = "physics.ins-det",
      reportNumber   = "CMS-PRF-14-001, CERN-EP-2017-110",
      SLACcitation   = "%%CITATION = ARXIV:1706.04965;%%",
}


@article{Baffioni:2006cd,
      author         = "Baffioni, S. and Charlot, C. and Ferri, F. and Futyan, D. and Meridiani, P. and Puljak, I. and Rovelli, C.
                        and Salerno, R. and Sirois, Y.",
      title          = "{Electron reconstruction in {CMS}}",
      journal        = "Eur. Phys. J. C",
      volume         = "49",
      pages          = "1099",
      doi            = "10.1140/epjc/s10052-006-0175-5",
      year           = "2007",
      reportNumber   = "CERN-CMS-NOTE-2006-040",
      SLACcitation   = "%%CITATION = EPHJA,C49,1099;%%",
}

@article{Adam:2003kg,
      author         = "Adam, W. and {Fr\"{u}hwirth}, R. and Strandlie, A. and Todorov, T.",
      title          = "{Reconstruction of electrons with the Gaussian sum filter in the {CMS} tracker at {LHC}}",
      doi            = "10.1088/0954-3899/31/9/N01",
      journal={J. Phys. G: Nucl. Part. Phys.},
      volume={31},
      pages={N9},
      year           = "2003",
      eprint         = "physics/0306087",
      archivePrefix  = "arXiv",
      primaryClass   = "physics",
      reportNumber   = "CHEP-2003-TULT009",
      SLACcitation   = "%%CITATION = PHYSICS/0306087;%%",
}

@article{TRK-11-001,
      author         = "Chatrchyan, Serguei and others",
      title          = "{Description and performance of track and primary-vertex
                        reconstruction with the {CMS} tracker}",
      collaboration  = "CMS",
      journal        = "JINST",
      volume         = "9",
      year           = "2014",
      pages          = "P10009",
      doi            = "10.1088/1748-0221/9/10/P10009",
      eprint         = "1405.6569",
      archivePrefix  = "arXiv",
      primaryClass   = "physics.ins-det",
      reportNumber   = "CMS-TRK-11-001, CERN-PH-EP-2014-070",
      SLACcitation   = "%%CITATION = ARXIV:1405.6569;%%"
}

@article{EGM-13-001,
      author         = "Khachatryan, Vardan and others",
      title          = "{Performance of electron reconstruction and selection
                        with the {CMS} detector in $\Pp\Pp$ collisions at
                        $\sqrt{s} = 8$~\TeV}",
      collaboration  = "CMS",
      journal        = "JINST",
      volume         = "10",
      pages          = "P06005",
      doi            = "10.1088/1748-0221/10/06/P06005",
      year           = "2015",
      eprint         = "1502.02701",
      archivePrefix  = "arXiv",
      primaryClass   = "physics.ins-det",
      reportNumber   = "CMS-EGM-13-001, CERN-PH-EP-2015-004",
      SLACcitation   = "%%CITATION = ARXIV:1502.02701;%%",
}


@article{Chatrchyan:2012xi,
      author         = "Chatrchyan, Serguei and others",
      title          = "{Performance of {CMS} muon reconstruction in $\Pp\Pp$ collision events at $\sqrt{s} = 7$~{TeV}}",
      collaboration  = "CMS",
      journal        = "JINST",
      volume         = "7",
      pages          = "P10002",
      doi            = "10.1088/1748-0221/7/10/P10002",
      year           = "2012",
      eprint         = "1206.4071",
      archivePrefix  = "arXiv",
      primaryClass   = "physics.ins-det",
      reportNumber   = "CMS-MUO-10-004, CERN-PH-EP-2012-173",
      SLACcitation   = "%%CITATION = ARXIV:1206.4071;%%",
}


@inproceedings{Chabanat:2005zz,
      author         = "Chabanat, E. and Estre, N.",
      title          = "{Deterministic annealing for vertex finding at {CMS}}",
      booktitle      = "{Computing in high energy physics and nuclear physics.
                        Proceedings, Conference, CHEP 04, Interlaken, Switzerland,
                        September 27-October 1, 2004}",
      url            = "http://doc.cern.ch/yellowrep/2005/2005-002/p287.pdf",
      year           = "2005",
      pages          = "287",
      SLACcitation   = "%%CITATION = INSPIRE-707291;%%"
}

@article{Fruhwirth:2007hz,
      author         = "Waltenberger, Wolfgang and {Fr\"{u}hwirth}, Rudolf and Vanlaer, Pascal",
      title          = "{Adaptive vertex fitting}",
      journal        = "J. Phys. G",
      volume         = "34",
      pages          = "N343",
      doi            = "10.1088/0954-3899/34/12/N01",
      year           = "2007",
      reportNumber   = "CERN-CMS-NOTE-2007-008, CMS-NOTE-2007-008",
      SLACcitation   = "%%CITATION = JPAGA,G34,N343;%%",
}

@article{Cacciari:2008gp,
      author         = "Cacciari, Matteo and Salam, Gavin P. and Soyez, Gregory",
      title          = "{The anti-$\kt$ jet clustering algorithm}",
      journal        = "JHEP",
      volume         = "04",
      year           = "2008",
      pages          = "063",
      doi            = "10.1088/1126-6708/2008/04/063",
      eprint         = "0802.1189",
      archivePrefix  = "arXiv",
      primaryClass   = "hep-ph",
      reportNumber   = "LPTHE-07-03",
      SLACcitation   = "%%CITATION = ARXIV:0802.1189;%%"
}

@article{Cacciari:2011ma,
      author         = "Cacciari, Matteo and Salam, Gavin P. and Soyez, Gregory",
      title          = "{\FASTJET user manual}",
      journal        = "Eur. Phys. J. C",
      volume         = "72",
      pages          = "1896",
      doi            = "10.1140/epjc/s10052-012-1896-2",
      year           = "2012",
      eprint         = "1111.6097",
      archivePrefix  = "arXiv",
      primaryClass   = "hep-ph",
      reportNumber   = "CERN-PH-TH-2011-297",
      SLACcitation   = "%%CITATION = ARXIV:1111.6097;%%",
}

@TECHREPORT{JME-10-003,
      AUTHOR      = "{CMS Collaboration}",
      COLLABORATION = "CMS",
      TITLE       = "Jet performance in $\Pp\Pp$ collisions at $\sqrt{s} = 7$~\TeV",
      URL         = "https://cds.cern.ch/record/1279362",
      TYPE        = "{CMS} Physics Analysis Summary",
      NUMBER      = "CMS-PAS-JME-10-003",
      YEAR        = "2010"
}

@TECHREPORT{JME-16-003,
      title         = "{Jet algorithms performance in 13 {TeV} data}",
      collaboration = "CMS",
      year          = "2017",
      Number  = "CMS-PAS-JME-16-003",
      url           = "https://cds.cern.ch/record/2256875",
      TYPE        = "{CMS} Physics Analysis Summary",
}

@article{Cacciari:2008gn,
      author         = "Cacciari, Matteo and Salam, Gavin P. and Soyez, Gregory",
      title          = "{The catchment area of jets}",
      journal        = "JHEP",
      volume         = "04",
      year           = "2008",
      pages          = "005",
      doi            = "10.1088/1126-6708/2008/04/005",
      eprint         = "0802.1188",
      archivePrefix  = "arXiv",
      primaryClass   = "hep-ph",
      reportNumber   = "LPTHE-07-02",
      SLACcitation   = "%%CITATION = ARXIV:0802.1188;%%"
}

@article{Cacciari:2007fd,
      author         = "Cacciari, Matteo and Salam, Gavin P.",
      title          = "{Pileup subtraction using jet areas}",
      journal        = "Phys. Lett. B",
      volume         = "659",
      pages          = "119",
      doi            = "10.1016/j.physletb.2007.09.077",
      year           = "2008",
      eprint         = "0707.1378",
      archivePrefix  = "arXiv",
      primaryClass   = "hep-ph",
      reportNumber   = "LPTHE-07-01",
      SLACcitation   = "%%CITATION = ARXIV:0707.1378;%%",
}

@article{Chatrchyan:2011ds,
      author         = "Chatrchyan, Serguei and others",
      title          = "{Determination of jet energy calibration and transverse momentum resolution in {CMS}}",
      collaboration  = "CMS",
      journal        = "JINST",
      volume         = "6",
      pages          = "P11002",
      doi            = "10.1088/1748-0221/6/11/P11002",
      year           = "2011",
      eprint         = "1107.4277",
      archivePrefix  = "arXiv",
      primaryClass   = "physics.ins-det",
      reportNumber   = "CERN-PH-EP-2011-102, CMS-JME-10-011",
      SLACcitation   = "%%CITATION = ARXIV:1107.4277;%%",
}

@article{Chatrchyan:2012jua,
      author         = "Chatrchyan, Serguei and others",
      title          = "{Identification of $\Pbottom$ quark jets with the {CMS} experiment}",
      collaboration  = "CMS",
      journal        = "JINST",
      volume         = "8",
      pages          = "P04013",
      doi            = "10.1088/1748-0221/8/04/P04013",
      year           = "2013",
      eprint         = "1211.4462",
      archivePrefix  = "arXiv",
      primaryClass   = "hep-ex",
      reportNumber   = "CMS-BTV-12-001, CERN-PH-EP-2012-262",
      SLACcitation   = "%%CITATION = ARXIV:1211.4462;%%",
}

@TECHREPORT{BTV-15-001,
      AUTHOR      = "{CMS Collaboration}",
      COLLABORATION = "CMS",
      TITLE       = "{Identification of b quark jets at the {CMS} experiment in
                       the {LHC} Run 2}",
      URL           = "https://cds.cern.ch/record/2138504",
      TYPE        = "{CMS} Physics Analysis Summary",
      NUMBER      = "CMS-PAS-BTV-15-001",
      YEAR        = "2016"
}


@article{TAU-11-001,
      COLLABORATION = "CMS",
      TITLE       = "Performance of $\tau$-lepton reconstruction and identification in {CMS}",
      AUTHOR      = "Chatrchyan, Serguei and others",
      JOURNAL     = "JINST",
      VOLUME      = "7",
      PAGES       = "P01001",
      DOI         = "10.1088/1748-0221/7/01/P01001",
      YEAR        = "2012",
      eprint         = "1109.6034",
      archivePrefix  = "arXiv",
      primaryClass   = "physics.ins-det",
      SLACcitation   = "%%CITATION = ARXIV:1109.6034;%%",
}

@article{TAU-14-001,
      author         = "Khachatryan, Vardan and others",
      title          = "{Reconstruction and identification of $\Pgt$ lepton
                        decays to hadrons and $\Pnut$ at {CMS}}",
      collaboration  = "CMS",
      journal        = "JINST",
      volume         = "11",
      year           = "2016",
      pages          = "P01019",
      doi            = "10.1088/1748-0221/11/01/P01019",
      eprint         = "1510.07488",
      archivePrefix  = "arXiv",
      primaryClass   = "physics.ins-det",
      reportNumber   = "CMS-TAU-14-001, CERN-PH-EP-2015-261",
      SLACcitation   = "%%CITATION = ARXIV:1510.07488;%%"
}

@article{JME-13-003,
      author         = "Khachatryan, Vardan and others",
      title          = "{Performance of the {CMS} missing transverse momentum
                        reconstruction in $\Pp\Pp$ data at $\sqrt{s} = 8$~{TeV}}",
      collaboration  = "CMS",
      journal        = "JINST",
      volume         = "10",
      year           = "2015",
      pages          = "P02006",
      doi            = "10.1088/1748-0221/10/02/P02006",
      eprint         = "1411.0511",
      archivePrefix  = "arXiv",
      primaryClass   = "physics.ins-det",
      reportNumber   = "CMS-JME-13-003, CERN-PH-EP-2014-246",
      SLACcitation   = "%%CITATION = ARXIV:1411.0511;%%"
}

@TECHREPORT{JME-16-004,
      AUTHOR      = "{CMS Collaboration}",
      COLLABORATION = "CMS",
      TITLE       = "{Performance of missing energy reconstruction in $13$~\TeV $\Pp\Pp$ collision data using the {CMS} detector}",
      URL         = "http://cds.cern.ch/record/2205284",
      TYPE        = "{CMS} Physics Analysis Summary",
      NUMBER      = "CMS-PAS-JME-16-004",
      YEAR        = "2016"
}

@article{JME-10-009,
      author         = "Chatrchyan, Serguei and others",
      title          = "{Missing transverse energy performance of the {CMS} detector}",
      collaboration  = "CMS",
      journal        = "JINST",
      volume         = "6",
      year           = "2011",
      pages          = "P09001",
      doi            = "10.1088/1748-0221/6/09/P09001",
      eprint         = "1106.5048",
      archivePrefix  = "arXiv",
      primaryClass   = "physics.ins-det",
      reportNumber   = "CERN-PH-EP-2011-051, CMS-JME-10-009",
      SLACcitation   = "%%CITATION = ARXIV:1106.5048;%%"
}

@TECHREPORT{TAU-16-002,
      AUTHOR      = "{CMS Collaboration}",
      COLLABORATION = "CMS",
      TITLE       = "{Performance of reconstruction and identification of $\Pgt$ leptons in their decays to hadrons and $\Pnut$ in {LHC} Run $2$}",
      URL         = "http://cds.cern.ch/record/2196972",
      TYPE        = "{CMS} Physics Analysis Summary",
      NUMBER      = "CMS-PAS-TAU-16-002",
      YEAR        = "2016"
}

@TECHREPORT{TAU-16-003,
      AUTHOR      = "{CMS Collaboration}",
      COLLABORATION = "CMS",
      TITLE       = "Tau reconstruction and performance using the 2016 dataset",
      URL         = "In preparation",
      TYPE        = "{CMS} Physics Analysis Summary",
      NUMBER      = "CMS-PAS-TAU-16-003",
      YEAR        = "2016"
}

@TECHREPORT{JME-16-001,
      AUTHOR      = "{CMS Collaboration}",
      COLLABORATION = "CMS",
      TITLE       = "Jet energy scale and resolution at $\sqrt{s} = 13$~{TeV}",
      URL         = "In preparation",
      TYPE        = "{CMS} Physics Analysis Summary",
      NUMBER      = "CMS-PAS-JME-16-001",
      YEAR        = "2016"
}

@TECHREPORT{mvaJetId,
      AUTHOR      = "{CMS Collaboration}",
      COLLABORATION = "CMS",
      TITLE       = "Pileup jet identification",
      URL         = "https://cds.cern.ch/record/1581583",
      TYPE        = "{CMS} Physics Analysis Summary",
      NUMBER      = "CMS-PAS-JME-13-005",
      YEAR        = "2013"
}
%%%%%%%%%%%%%%%%%%%%%%%%%%%%%%%%%%%%%%%%%%%%%%%%%%%%%%%%%%%%%%%%%%%%%%%%%%%%%%%%%

%%%%%%%%%%%%%%%%%%%%%%%%%%%%%%%%%%%%%%%%%%%%%%%%%%%%%%%%%%%%%%%%%%%%%%%%%%%%%%%%%
% Pzeta variable
@article{CDFrefPzeta,
      author         = "Abulencia, A. and others",
      title          = "{Search for neutral MSSM {Higgs} bosons decaying to $\Pgt$ pairs in $\Pp\bar{\Pp}$ collisions at $\sqrt{s} = 1.96$~\TeV}",
      collaboration  = "CDF Collaboration",
      journal        = "Phys.~Rev.~Lett.",
      volume         = "96",
      pages          = "011802",
      doi            = "10.1103/PhysRevLett.96.011802",
      year           = "2006",
      eprint         = "hep-ex/0508051",
      archivePrefix  = "arXiv",
      primaryClass   = "hep-ex",
      reportNumber   = "FERMILAB-PUB-05-374-E",
      SLACcitation   = "%%CITATION = HEP-EX/0508051;%%",
}
%%%%%%%%%%%%%%%%%%%%%%%%%%%%%%%%%%%%%%%%%%%%%%%%%%%%%%%%%%%%%%%%%%%%%%%%%%%%%%%%%

%%%%%%%%%%%%%%%%%%%%%%%%%%%%%%%%%%%%%%%%%%%%%%%%%%%%%%%%%%%%%%%%%%%%%%%%%%%%%%%%%
% tau pair mass reconstruction (SVfit)
@article{SVfit,
      author         = "Bianchini, L. and Conway, J. and Friis, E.~K. and Veelken, C.",
      title          = "{Reconstruction of the {Higgs} mass in $\PHiggs \to \Pgt\Pgt$ events by dynamical likelihood techniques}",
      journal        = "J.~Phys.~Conf.~Ser.",
      volume         = "513",
      pages          = "022035",
      doi            = "10.1088/1742-6596/513/2/022035",
      year           = "2014",
      SLACcitation   = "%%CITATION = 00462,513,022035;%%",
}
%%%%%%%%%%%%%%%%%%%%%%%%%%%%%%%%%%%%%%%%%%%%%%%%%%%%%%%%%%%%%%%%%%%%%%%%%%%%%%%%%

%%%%%%%%%%%%%%%%%%%%%%%%%%%%%%%%%%%%%%%%%%%%%%%%%%%%%%%%%%%%%%%%%%%%%%%%%%%%%%%%%
% Higgs combination
@TECHREPORT{ATL-PHYS-PUB-2011-011,
      title       = "{Procedure for the {LHC} {Higgs} boson search combination in summer 2011}",
      author      = "{{ATLAS} and {CMS} Collaborations and LHC Higgs Combination Group}",
      url         = "https://cds.cern.ch/record/1379837",
      reportNumber      = "{ATL-PHYS-PUB-2011-011, CMS-NOTE-2011-005}",
      year        = "2011"
}

@article{HIG-11-032,
      author         = "Chatrchyan, Serguei and others",
      title          = "{Combined results of searches for the standard model {Higgs} boson in $\Pp\Pp$ collisions at $\sqrt{s} = 7$~\TeV}",
      collaboration  = "CMS",
      journal        = "Phys. Lett. B",
      volume         = "710",
      pages          = "26",
      doi            = "10.1016/j.physletb.2012.02.064",
      year           = "2012",
      eprint         = "1202.1488",
      archivePrefix  = "arXiv",
      primaryClass   = "hep-ex",
      reportNumber   = "CMS-HIG-11-032, CERN-PH-EP-2012-023",
      SLACcitation   = "%%CITATION = ARXIV:1202.1488;%%",
}
%%%%%%%%%%%%%%%%%%%%%%%%%%%%%%%%%%%%%%%%%%%%%%%%%%%%%%%%%%%%%%%%%%%%%%%%%%%%%%%%%

%%%%%%%%%%%%%%%%%%%%%%%%%%%%%%%%%%%%%%%%%%%%%%%%%%%%%%%%%%%%%%%%%%%%%%%%%%%%%%%%%
% statistical analysis
@unpublished{Conway:2011in,
      author         = "Conway, J. S.",
      title          = "{Incorporating nuisance parameters in likelihoods for multisource spectra}",
      year           = "2011",
      eprint         = "1103.0354",
      archivePrefix  = "arXiv",
      primaryClass   = "physics.data-an",
      SLACcitation   = "%%CITATION = ARXIV:1103.0354;%%",
}

@article{Barlow:1993dm,
      author         = "Barlow, R.~J. and Beeston, C.",
      title          = "{Fitting using finite {Monte} {Carlo} samples}",
      journal        = "Comput. Phys. Commun.",
      volume         = "77",
      pages          = "219",
      doi            = "10.1016/0010-4655(93)90005-W",
      year           = "1993",
      reportNumber   = "MAN-HEP-93-1",
      SLACcitation   = "%%CITATION = CPHCB,77,219;%%",
}
%%%%%%%%%%%%%%%%%%%%%%%%%%%%%%%%%%%%%%%%%%%%%%%%%%%%%%%%%%%%%%%%%%%%%%%%%%%%%%%%%

%%%%%%%%%%%%%%%%%%%%%%%%%%%%%%%%%%%%%%%%%%%%%%%%%%%%%%%%%%%%%%%%%%%%%%%%%%%%%%%%%
% Tag & probe method in CMS 
@article{EWK-10-002,
      author         = "Khachatryan, Vardan and others",
      title          = "{Measurements of inclusive $\PW$ and $\cPZ$ cross sections in $\Pp\Pp$ collisions at $\sqrt{s} = 7$~\TeV}",
      collaboration  = "CMS",
      journal        = "JHEP",
      volume         = "01",
      year           = "2011",
      pages          = "080",
      doi            = "10.1007/JHEP01(2011)080",
      eprint         = "1012.2466",
      archivePrefix  = "arXiv",
      primaryClass   = "hep-ex",
      reportNumber   = "CERN-PH-EP-2010-050, CMS-EWK-10-002",
      SLACcitation   = "%%CITATION = ARXIV:1012.2466;%%"
}
%%%%%%%%%%%%%%%%%%%%%%%%%%%%%%%%%%%%%%%%%%%%%%%%%%%%%%%%%%%%%%%%%%%%%%%%%%%%%%%%%

%%%%%%%%%%%%%%%%%%%%%%%%%%%%%%%%%%%%%%%%%%%%%%%%%%%%%%%%%%%%%%%%%%%%%%%%%%%%%%%%%
% PDF4LHC recommendations
@article{Butterworth:2015oua,
      author         = "Butterworth, Jon and others",
      title          = "{PDF4LHC recommendations for {LHC} Run II}",
      journal        = "J. Phys. G",
      volume         = "43",
      year           = "2016",
      pages          = "023001",
      doi            = "10.1088/0954-3899/43/2/023001",
      eprint         = "1510.03865",
      archivePrefix  = "arXiv",
      primaryClass   = "hep-ph",
      reportNumber   = "OUTP-15-17P, SMU-HEP-15-12, TIF-UNIMI-2015-14,
                        LCTS-2015-27, CERN-PH-TH-2015-249",
      SLACcitation   = "%%CITATION = ARXIV:1510.03865;%%"
}
%%%%%%%%%%%%%%%%%%%%%%%%%%%%%%%%%%%%%%%%%%%%%%%%%%%%%%%%%%%%%%%%%%%%%%%%%%%%%%%%%

%%%%%%%%%%%%%%%%%%%%%%%%%%%%%%%%%%%%%%%%%%%%%%%%%%%%%%%%%%%%%%%%%%%%%%%%%%%%%%%%%
% CMS luminosity measurement and uncertainty in Run 2

@TECHREPORT{LUM-17-001,
     author        = "{CMS Collaboration}",
     collaboration = "CMS",
     title         = "{CMS} luminosity measurements for the 2016 data-taking period",
     URL           = "{http://cds.cern.ch/record/2257069}",
     type          = "{CMS Physics Analysis Summary}",
     reportNumber        = "CMS-PAS-LUM-17-001",
     year          = "CMS-PAS-LUM-17-001",
     SLACcitation  = "%%CITATION = CMS-PAS-LUM-17-001;%%"
}

@TECHREPORT{LUM-17-004,
     author        = "{CMS Collaboration}",
     collaboration = "CMS",
     title         = "{CMS} luminosity measurement for the 2017 data-taking 
                       period at {$\sqrt{s} = 13\TeV$}",
     URL           = "{http://cds.cern.ch/record/2621960}",
     type          = "{CMS Physics Analysis Summary}",
     reportNumber        = "CMS-PAS-LUM-17-004",
     year          = "CMS-PAS-LUM-17-004",
     SLACcitation  = "%%CITATION = CMS-PAS-LUM-17-004;%%"
}

@TECHREPORT{LUM-18-002,
     author        = "{CMS Collaboration}",
     collaboration = "CMS",
     title         = "{CMS} luminosity measurement for the 2018 data-taking
                       period at {$\sqrt{s} = 13\TeV$}",
     URL           = "{http://cds.cern.ch/record/2676164}",
     type          = "{CMS Physics Analysis Summary}",
     reportNumber        = "CMS-PAS-LUM-18-002",
     year          = "CMS-PAS-LUM-18-002",
     SLACcitation  = "%%CITATION = CMS-PAS-LUM-18-002;%%"
}
%%%%%%%%%%%%%%%%%%%%%%%%%%%%%%%%%%%%%%%%%%%%%%%%%%%%%%%%%%%%%%%%%%%%%%%%%%%%%%%%%

%%%%%%%%%%%%%%%%%%%%%%%%%%%%%%%%%%%%%%%%%%%%%%%%%%%%%%%%%%%%%%%%%%%%%%%%%%%%%%%%%
% Barlow-Beeston method to account for statistical uncertainties on shape templates
@article{BarlowBeeston,
      author         = "Roger Barlow and Christine Beeston",
      title          = "{Fitting using finite {Monte} {Carlo} samples}",
      journal        = "Comput. Phys. Commun.",
      volume         = "77",
      pages          = "219",
      year           = "1993",
      SLACcitation   = "%%CITATION = INSPIRE-599622;%%",
}

%%%%%%%%%%%%%%%%%%%%%%%%%%%%%%%%%%%%%%%%%%%%%%%%%%%%%%%%%%%%%%%%%%%%%%%%%%%%%%%%%

%%%%%%%%%%%%%%%%%%%%%%%%%%%%%%%%%%%%%%%%%%%%%%%%%%%%%%%%%%%%%%%%%%%%%%%%%%%%%%%%%
% CLs method

@article{Junk:1999kv,
      author         = "Junk, Thomas",
      title          = "{Confidence level computation for combining searches with
                        small statistics}",
      journal        = "Nucl. Instrum. Meth. A",
      volume         = "434",
      year           = "1999",
      pages          = "435",
      doi            = "10.1016/S0168-9002(99)00498-2",
      eprint         = "hep-ex/9902006",
      archivePrefix  = "arXiv",
      primaryClass   = "hep-ex",
      reportNumber   = "CARLETON-OPAL-PHYS-99-01, CERN-EP-99-041",
      SLACcitation   = "%%CITATION = HEP-EX/9902006;%%"
}

@inproceedings{Read:451614,
      author         = "Read, A.~L.",
      title          = "{Modified frequentist analysis of search results (the
                       $\textrm{CL}_{s}$ method)}",
      booktitle      = "{Workshop on confidence limits, CERN, Geneva,
                        Switzerland, 17-18 Jan 2000: Proceedings}",
      url            = "http://weblib.cern.ch/abstract?CERN-OPEN-2000-205",
      year           = "2000",
      pages          = "81",
      reportNumber   = "CERN-OPEN-2000-205",
      url           = "https://cds.cern.ch/record/451614",
      SLACcitation   = "%%CITATION = CERN-OPEN-2000-205;%%"
}

@article{Read:2002hq,
      author         = "Read, A. L.",
      title          = "{Presentation of search results: The $\textrm{CL}_{s}$ technique}",
      journal        = "J. Phys. G",
      volume         = "28",
      pages          = "2693",
      doi            = "10.1088/0954-3899/28/10/313",
      year           = "2002",
      SLACcitation   = "%%CITATION = INSPIRE-599622;%%",
}
%%%%%%%%%%%%%%%%%%%%%%%%%%%%%%%%%%%%%%%%%%%%%%%%%%%%%%%%%%%%%%%%%%%%%%%%%%%%%%%%%
